@article{Rauhut2010AExperiments,
    title = {{A sociological perspective on measuring social norms by means of strategy method experiments}},
    year = {2010},
    journal = {Social Science Research},
    author = {Rauhut, Heiko and Winter, Fabian},
    number = {6},
    month = {11},
    pages = {1181--1194},
    volume = {39},
    doi = {10.1016/j.ssresearch.2010.06.009},
    issn = {0049089X},
    keywords = {Factorial surveys, Measurement, Social norms, Strategy method, Ultimatum game}
}

@article{Liu2021CultureMC3M,
    title = {{Culture and Social Norms: Development and Application of a Model for Culturally Contextualized Communication Measurement (MC3M)}},
    year = {2021},
    journal = {Frontiers in Communication},
    author = {Liu, Rain W. and Lapinski, Maria K. and Kerr, John M. and Zhao, Jinhua and Bum, Tsering and Lu, Zhi},
    volume = {6},
    publisher = {Frontiers Media S.A.},
    doi = {10.3389/fcomm.2021.770513},
    issn = {2297900X},
    keywords = {cross-cultural communication, culturally derived measures, measurement validation, social norms, unique populations}
}

@article{Legros2020MappingReviews,
    title = {{Mapping the Social-Norms Literature: An Overview of Reviews}},
    year = {2020},
    journal = {Perspectives on Psychological Science},
    author = {Legros, Sophie and Cislaghi, Beniamino},
    number = {1},
    month = {1},
    pages = {62--80},
    volume = {15},
    publisher = {SAGE Publications Inc.},
    doi = {10.1177/1745691619866455},
    issn = {17456924},
    pmid = {31697614},
    keywords = {cross-disciplinary, reference group, reviews, social norms}
}

@article{Tankard2016NormChange,
    title = {{Norm Perception as a Vehicle for Social Change}},
    year = {2016},
    journal = {Social Issues and Policy Review},
    author = {Tankard, Margaret E. and Paluck, Elizabeth Levy},
    number = {1},
    month = {1},
    pages = {181--211},
    volume = {10},
    publisher = {Blackwell Publishing},
    doi = {10.1111/sipr.12022},
    issn = {17512409}
}

@techreport{Gibbs1965Norms:Classification,
    title = {{Norms: The Problem of Definition and Classification}},
    year = {1965},
    author = {Gibbs, Jack P}
}

@misc{Fehr2004SocialCooperation,
    title = {{Social norms and human cooperation}},
    year = {2004},
    booktitle = {Trends in Cognitive Sciences},
    author = {Fehr, Ernst and Fischbacher, Urs},
    number = {4},
    month = {4},
    pages = {185--190},
    volume = {8},
    doi = {10.1016/j.tics.2004.02.007},
    issn = {13646613},
    pmid = {15050515}
}

@misc{McDonald2015SocialInfluence,
    title = {{Social norms and social influence}},
    year = {2015},
    booktitle = {Current Opinion in Behavioral Sciences},
    author = {McDonald, Rachel I. and Crandall, Christian S.},
    month = {6},
    pages = {147--151},
    volume = {3},
    publisher = {Elsevier Ltd},
    doi = {10.1016/j.cobeha.2015.04.006},
    issn = {23521546}
}

@article{Silva2017SocialStudents,
    title = {{Social norms don't always work: An experiment to encourage more efficient fees collection for students}},
    year = {2017},
    journal = {PLoS ONE},
    author = {Silva, Antonio and John, Peter},
    number = {5},
    month = {5},
    volume = {12},
    publisher = {Public Library of Science},
    doi = {10.1371/journal.pone.0177354},
    issn = {19326203},
    pmid = {28542164}
}

@article{Bell2015SocialMuch,
    title = {{Social Norms: Do We Love Norms Too Much?}},
    year = {2015},
    journal = {Journal of Family Theory {\&} Review},
    author = {Bell, David C. and Cox, Mary L.},
    number = {1},
    month = {3},
    pages = {28--46},
    volume = {7},
    publisher = {Wiley},
    doi = {10.1111/jftr.12059},
    issn = {1756-2570}
}

@article{Loughmiller-Cardinal2023TheNorms,
    title = {{The Behavior of Information: A Reconsideration of Social Norms}},
    year = {2023},
    journal = {Societies},
    author = {Loughmiller-Cardinal, Jennifer A. and Cardinal, James Scott},
    number = {5},
    month = {5},
    volume = {13},
    publisher = {MDPI},
    doi = {10.3390/soc13050111},
    issn = {20754698},
    keywords = {cultural evolution, information, normative belief, social cognition, social institutions, social norms}
}

@article{Young2015TheNorms,
    title = {{The Evolution of Social Norms}},
    year = {2015},
    journal = {Annual Review of Economics},
    author = {Young, H. Peyton},
    number = {1},
    month = {8},
    pages = {359--387},
    volume = {7},
    publisher = {Annual Reviews Inc.},
    doi = {10.1146/annurev-economics-080614-115322},
    issn = {19411391},
    keywords = {Equilibrium selection, Evolutionary game theory, Stochastic stability}
}

@misc{Cotterill2019TheMeta-analysis,
    title = {{The impact of social norms interventions on clinical behaviour change among health workers: Protocol for a systematic review and meta-analysis}},
    year = {2019},
    booktitle = {Systematic Reviews},
    author = {Cotterill, Sarah and Powell, Rachael and Rhodes, Sarah and Brown, Benjamin and Roberts, Jane and Tang, Mei Yee and Wilkinson, Jack},
    number = {1},
    month = {7},
    volume = {8},
    publisher = {BioMed Central Ltd.},
    doi = {10.1186/s13643-019-1077-6},
    issn = {20464053},
    pmid = {31319887},
    keywords = {Behaviour change, Credible source, Feedback, Information about others' approval, Meta-analysis, Social comparison, Social incentive, Social norm, Social reward, Systematic review}
}

@misc{Saracevic2021TheSelfconstrual,
    title = {{The impact of social norms on pro‐environmental behavior: A systematic literature review of the role of culture and self‐construal}},
    year = {2021},
    booktitle = {Sustainability (Switzerland)},
    author = {Saracevic, Selma and Schlegelmilch, Bodo B.},
    number = {9},
    volume = {13},
    publisher = {MDPI AG},
    doi = {10.3390/su13095156},
    issn = {20711050},
    keywords = {Culture, Pro‐environmental behavior, Self‐construal, Social norms, Systematic literature review}
}

@techreport{Shulman2017TheResearch,
    title = {{The State of the Field of Social Norms Research}},
    year = {2017},
    booktitle = {International Journal of Communication},
    author = {Shulman, Hillary C and Rhodes, Nancy and Davidson, Emily and Ralston, Rachel and Borghetti, Lorraine and Morr, Lindsey},
    pages = {1192--1213},
    volume = {11},
    url = {http://ijoc.org.}
}

@techreport{Mackie2014Measured,
    title = {{• What are Social Norms? How are They Measured?}},
    year = {2014},
    author = {Mackie, Gerry and Moneti, Francesca and Denny, Elaine and Shakya, Holly},
    url = {http://www.polisci.ucsd.edu/~gmackie/}
}